<record><leader>00000cas a2200000 a 4500</leader><controlfield tag="001">49537519</controlfield><controlfield tag="007">hd afb021bucu</controlfield><controlfield tag="007">hd bfb021buau</controlfield><controlfield tag="007">hd bfb021bubu</controlfield><controlfield tag="008">020408d19611985wauwr nea     0    0eng c</controlfield><datafield ind1=" " ind2=" " tag="010"><subfield code="a">  2002252528</subfield></datafield><datafield ind1=" " ind2=" " tag="040"><subfield code="a">WAU</subfield><subfield code="b">eng</subfield><subfield code="c">WAU</subfield><subfield code="d">OCLCQ</subfield><subfield code="d">OCLCF</subfield><subfield code="d">OCLCO</subfield></datafield><datafield ind1="1" ind2=" " tag="029"><subfield code="a">AU@</subfield><subfield code="b">000023484797</subfield></datafield><datafield ind1=" " ind2=" " tag="042"><subfield code="a">pcc</subfield></datafield><datafield ind1=" " ind2=" " tag="043"><subfield code="a">n-us-wa</subfield></datafield><datafield ind1="0" ind2=" " tag="130"><subfield code="a">Enterprise (Lynnwood, Wash.)</subfield></datafield><datafield ind1="1" ind2="4" tag="245"><subfield code="a">The enterprise</subfield><subfield code="h">[microform].</subfield></datafield><datafield ind1=" " ind2=" " tag="260"><subfield code="a">Lynnwood, Wash. :</subfield><subfield code="b">Enterprise</subfield></datafield><datafield ind1=" " ind2=" " tag="300"><subfield code="a">v. :</subfield><subfield code="b">ill.</subfield></datafield><datafield ind1=" " ind2=" " tag="310"><subfield code="a">Weekly</subfield></datafield><datafield ind1="0" ind2=" " tag="362"><subfield code="a">Vol. 4, no. 10 (Nov. 22, 1961)-v. 39, no. 27 (May 8, 1985).</subfield></datafield><datafield ind1=" " ind2=" " tag="500"><subfield code="a">At head of title: Lynnwood, Edmonds, Mountlake Terrace, Alderwood Manor.</subfield></datafield><datafield ind1=" " ind2=" " tag="580"><subfield code="a">Formed by the merger of: Edmonds enterprise; Lynnwood enterprise; and: Mountlake Terrace enterprise.</subfield></datafield><datafield ind1=" " ind2=" " tag="580"><subfield code="a">Split into: Edmonds enterprise; Lynnwood enterprise; and: Mill Creek enterprise.</subfield></datafield><datafield ind1=" " ind2=" " tag="533"><subfield code="a">Microfilm.</subfield><subfield code="m">v.6:no. 27-v.39:no. 27 (Mar. 26, 1964 [i.e. Mar. 4, 1964]-May 8, 1985):[Gaps]</subfield><subfield code="b">[Seattle, Wash.] :</subfield><subfield code="c">Filmed for the University of Washington Libraries,</subfield><subfield code="d">2000.</subfield><subfield code="e">2 microfilm reels ; 35 mm.</subfield></datafield><datafield ind1=" " ind2="0" tag="651"><subfield code="a">Lynnwood (Wash.)</subfield><subfield code="v">Newspapers.</subfield></datafield><datafield ind1=" " ind2="0" tag="651"><subfield code="a">Edmonds (Wash.)</subfield><subfield code="v">Newspapers.</subfield></datafield><datafield ind1=" " ind2="0" tag="651"><subfield code="a">Mountlake Terrace (Wash.)</subfield><subfield code="v">Newspapers.</subfield></datafield><datafield ind1=" " ind2="0" tag="651"><subfield code="a">Alderwood Manor (Wash.)</subfield><subfield code="v">Newspapers.</subfield></datafield><datafield ind1=" " ind2="7" tag="655"><subfield code="a">Newspapers.</subfield><subfield code="2">fast</subfield><subfield code="0">(OCoLC)fst01423814</subfield></datafield><datafield ind1=" " ind2="7" tag="651"><subfield code="a">Washington (State)</subfield><subfield code="z">Alderwood Manor.</subfield><subfield code="2">fast</subfield><subfield code="0">(OCoLC)fst01293300</subfield></datafield><datafield ind1=" " ind2="7" tag="651"><subfield code="a">Washington (State)</subfield><subfield code="z">Edmonds.</subfield><subfield code="2">fast</subfield><subfield code="0">(OCoLC)fst01222509</subfield></datafield><datafield ind1=" " ind2="7" tag="651"><subfield code="a">Washington (State)</subfield><subfield code="z">Lynnwood.</subfield><subfield code="2">fast</subfield><subfield code="0">(OCoLC)fst01227415</subfield></datafield><datafield ind1=" " ind2="7" tag="651"><subfield code="a">Washington (State)</subfield><subfield code="z">Mountlake Terrace.</subfield><subfield code="2">fast</subfield><subfield code="0">(OCoLC)fst01214332</subfield></datafield><datafield ind1=" " ind2=" " tag="752"><subfield code="a">United States</subfield><subfield code="b">Washington</subfield><subfield code="c">Snohomish</subfield><subfield code="d">Lynnwood.</subfield></datafield><datafield ind1="0" ind2=" " tag="775"><subfield code="t">Enterprise (Lynnwood, Wash. : Edmonds ed.)</subfield><subfield code="w">(DLC)  2002252522</subfield><subfield code="w">(OCoLC)10813422</subfield></datafield><datafield ind1="1" ind2=" " tag="776"><subfield code="c">Original</subfield><subfield code="w">(DLC)sn 88085298</subfield><subfield code="w">(OCoLC)17364311</subfield></datafield><datafield ind1="1" ind2="4" tag="780"><subfield code="t">Lynnwood enterprise</subfield></datafield><datafield ind1="1" ind2="4" tag="780"><subfield code="t">Edmonds enterprise</subfield><subfield code="w">(DLC)  2002252518</subfield></datafield><datafield ind1="1" ind2="4" tag="780"><subfield code="t">Mountlake Terrace enterprise</subfield></datafield><datafield ind1="1" ind2="6" tag="785"><subfield code="t">Lynnwood enterprise (Lynnwood, Wash. : 1985)</subfield><subfield code="w">(DLC)  2002252519</subfield></datafield><datafield ind1="1" ind2="6" tag="785"><subfield code="t">Edmonds enterprise (Lynnwood, Wash. : 1985)</subfield><subfield code="w">(DLC)  2002252523</subfield></datafield><datafield ind1="1" ind2="6" tag="785"><subfield code="t">Mill Creek enterprise</subfield><subfield code="w">(DLC)  2002252526</subfield></datafield><datafield ind1=" " ind2=" " tag="850"><subfield code="a">WaU</subfield><subfield code="a">WaU (Master)</subfield></datafield></record>